@WWW{Laricchia2022,
  author       = {Federica Laricchia},
  date         = {2022-03-14},
  editor       = {Statista},
  title        = {Number of digital voice assistants in use worldwide from 2019 to 2024 (in billions)*},
  url          = {https://www.statista.com/statistics/973815/worldwide-digital-voice-assistant-in-use/},
  urldate      = {2022-08-08},
  journaltitle = {Statista},
}

@WWW{Benke2021,
  author       = {Akshada Benke},
  date         = {2021-09-02},
  editor       = {engagely.ai},
  title        = {6 Top Benefits of AI Voice technology},
  url          = {https://www.engagely.ai/blog-6-top-benefits-of-ai-voice-technology/},
  urldate      = {2022-08-10},
  journaltitle = {engagely.ai},
}

@WWW{Molkenboer2022,
  author       = {Erik Molkenboer},
  date         = {2022-03-24},
  editor       = {DDMA},
  title        = {Nationale Voice Monitor 2022: Forse groei gebruik spraakassistenten – grootste toename bij 65-plussers},
  url          = {https://ddma.nl/kennisbank/forse-groei-gebruik-spraakassistenten-grootste-toename-bij-65-plussers/},
  urldate      = {2022-08-08},
  journaltitle = {DDMA},
}

@WWW{Gujral2021,
  author       = {Rana Gujral},
  date         = {2021-08-31},
  editor       = {Crunchbase news},
  title        = {Voice Technology Booms Throughout Pandemic: Where Does It Go From Here?},
  url          = {https://news.crunchbase.com/covid-19/voice-ai-tech-pandemic-predictions/},
  urldate      = {2022-08-10},
  journaltitle = {Crunchbase news},
}

@WWW{Tiwari2021,
  author       = {Vishal Tiwari},
  date         = {2021-04-01},
  editor       = {Republicworld.com},
  title        = {Microsoft Shuts Down Cortana Voice Assistant On IOS And Android, Removes App From Stores},
  url          = {https://www.republicworld.com/technology-news/other-tech-news/microsoft-shuts-down-cortana-voice-assistant-on-ios-and-android-removes-app-from-stores.html},
  urldate      = {2022-08-15},
  journaltitle = {Republicworld.com},
}

@WWW{Dormehl2021,
  author       = {Luke Dormehl},
  date         = {2021-02-28},
  editor       = {MakeUseOf},
  title        = {Apple Wants to Make Siri Better at Understanding Users With Stutters},
  url          = {https://www.makeuseof.com/apple-siri-better-at-understanding-stutters/},
  urldate      = {2022-08-14},
  journaltitle = {MakeUseOf},
}

@WWW{Reigh2017,
  author       = {Brian Reigh},
  date         = {2017-07-11},
  editor       = {Android Authority},
  title        = {Samsung’s new acquisition could help improve Bixby},
  url          = {https://www.androidauthority.com/samsungs-new-acquisition-help-improve-bixby-786621/},
  urldate      = {2022-08-15},
  journaltitle = {Android Authority},
}

@WWW{Fitzpatrick2020,
  author       = {Maegan Fitzpatrick},
  date         = {2020-03-08},
  editor       = {Unleashed},
  title        = {To Stutters, Alexa May be Just What We Don’t Need},
  url          = {https://unleashed.bancroftschool.org/5866/opinion/to-stutters-alexa-may-be-just-what-we-dont-need-draft/},
  urldate      = {2022-08-14},
  journaltitle = {Unleashed},
}

@WWW{Heilweil2020,
  author       = {Rebecca Heilweil},
  date         = {2020-03-13},
  editor       = {Vox},
  title        = {Here’s what Alexa and other smart speakers say about the coronavirus},
  url          = {https://www.vox.com/recode/2020/3/13/21178361/alexa-google-assistant-coronavirus},
  urldate      = {2022-08-11},
  journaltitle = {Vox},
}

@WWW{Randy,
  author       = {Randy},
  editor       = {Whatsabyte},
  title        = {How Much Did Apple Pay for Siri? (Explained)},
  url          = {https://whatsabyte.com/apple-pay-siri/},
  urldate      = {2022-08-15},
  journaltitle = {Whatsabyte},
}

@Online{Apple,
  editor  = {Apple},
  title   = {Siri},
  url     = {https://www.apple.com/siri/},
  urldate = {2022-08-10},
}

@WWW{Stone2021,
  author  = {Brad Stone},
  date    = {2021-05-11},
  editor  = {Wired},
  title   = {The Secret Origins of Amazon’s Alexa},
  url     = {https://www.wired.com/story/how-amazon-made-alexa-smarter/},
  urldate = {2022-08-15},
}

@WWW{Jansen2018,
  author  = {Mark Jansen},
  date    = {2018-10-31},
  editor  = {DigitalTrends},
  title   = {Google Assistant: The complete history of the voice of Android},
  url     = {https://www.digitaltrends.com/mobile/google-assistant/},
  urldate = {2022-08-15},
}

@Comment{jabref-meta: databaseType:biblatex;}
